<record><leader>01298nam a2200373 i 4500</leader><controlfield tag="001">6697554</controlfield><controlfield tag="003">OCoLC</controlfield><controlfield tag="005">20140909164753.0</controlfield><controlfield tag="008">130702t20152015maua          001 0 eng  </controlfield><datafield ind1=" " ind2=" " tag="010"><subfield code="a">  2013023848</subfield></datafield><datafield ind1=" " ind2=" " tag="020"><subfield code="a">9780321900999</subfield></datafield><datafield ind1=" " ind2=" " tag="020"><subfield code="a">0321900995</subfield></datafield><datafield ind1=" " ind2=" " tag="035"><subfield code="a">ocn853113478</subfield></datafield><datafield ind1=" " ind2=" " tag="040"><subfield code="a">DLC</subfield><subfield code="e">rda</subfield><subfield code="b">eng</subfield><subfield code="c">DLC</subfield><subfield code="d">YDX</subfield><subfield code="d">OCLCO</subfield><subfield code="d">BDX</subfield><subfield code="d">YDXCP</subfield><subfield code="d">OCLCO</subfield><subfield code="d">BTCTA</subfield><subfield code="d">OCLCF</subfield><subfield code="d">UAB</subfield></datafield><datafield ind1=" " ind2=" " tag="042"><subfield code="a">pcc</subfield></datafield><datafield ind1="0" ind2="0" tag="050"><subfield code="a">QA135.6</subfield><subfield code="b">.L66 2015</subfield></datafield><datafield ind1="0" ind2="0" tag="082"><subfield code="a">510</subfield><subfield code="2">23</subfield></datafield><datafield ind1=" " ind2=" " tag="090"><subfield code="a">QA 135.6 L66 2015</subfield><subfield code="b">AEU</subfield></datafield><datafield ind1="1" ind2=" " tag="100"><subfield code="a">Long, Calvin T.,</subfield><subfield code="e">author.</subfield></datafield><datafield ind1="1" ind2="0" tag="245"><subfield code="a">Mathematical reasoning for elementary teachers /</subfield><subfield code="c">Calvin T. Long, Duane W. DeTemple, Richard S. Millman.</subfield></datafield><datafield ind1=" " ind2=" " tag="250"><subfield code="a">7th edition.</subfield></datafield><datafield ind1=" " ind2="1" tag="264"><subfield code="a">Boston :</subfield><subfield code="b">Pearson,</subfield><subfield code="c">[2015]</subfield></datafield><datafield ind1=" " ind2="4" tag="264"><subfield code="c">&#169;2015</subfield></datafield><datafield ind1=" " ind2=" " tag="300"><subfield code="a">1 volume (various pagings) :</subfield><subfield code="b">illustrations ;</subfield><subfield code="c">29 cm</subfield></datafield><datafield ind1=" " ind2=" " tag="336"><subfield code="a">text</subfield><subfield code="2">rdacontent</subfield></datafield><datafield ind1=" " ind2=" " tag="337"><subfield code="a">unmediated</subfield><subfield code="2">rdamedia</subfield></datafield><datafield ind1=" " ind2=" " tag="338"><subfield code="a">volume</subfield><subfield code="2">rdacarrier</subfield></datafield><datafield ind1=" " ind2=" " tag="500"><subfield code="a">Includes index.</subfield></datafield><datafield ind1=" " ind2=" " tag="596"><subfield code="a">41</subfield></datafield><datafield ind1=" " ind2="0" tag="650"><subfield code="a">Mathematics</subfield><subfield code="x">Study and teaching (Elementary)</subfield></datafield><datafield ind1="1" ind2=" " tag="700"><subfield code="a">DeTemple, Duane W.,</subfield><subfield code="e">author.</subfield></datafield><datafield ind1="1" ind2=" " tag="700"><subfield code="a">Millman, Richard S.,</subfield><subfield code="d">1945- ,</subfield><subfield code="e">author.</subfield></datafield><datafield ind1=" " ind2=" " tag="949"><subfield code="a">QA 135.6 L66 2015</subfield><subfield code="c">1</subfield><subfield code="h">UAED-B</subfield><subfield code="i">0162035159555</subfield></datafield><datafield ind1=" " ind2=" " tag="926"><subfield code="a">QA 135.6 L66 2015</subfield><subfield code="w">LC</subfield><subfield code="c">1</subfield><subfield code="i">0162035159555</subfield><subfield code="d">5/20/2016</subfield><subfield code="e">4/29/2016</subfield><subfield code="l">FLOOR_2</subfield><subfield code="m">UAEDUC</subfield><subfield code="n">5</subfield><subfield code="p">$150.00</subfield><subfield code="r">Y</subfield><subfield code="s">Y</subfield><subfield code="t">BOOK</subfield><subfield code="u">9/25/2014</subfield></datafield></record>